<?xml version="1.0" encoding="UTF-8"?><collection xmlns="http://www.loc.gov/MARC21/slim"><record><leader>00564nam--2200169-i-4500</leader><controlfield tag="001">000015555</controlfield><controlfield tag="002">20161230</controlfield><controlfield tag="005">20161230201031</controlfield><controlfield tag="008">060222s1000------------r-----000-0-fre-d</controlfield><datafield ind1=" " ind2=" " tag="041"><subfield code="a">fre</subfield></datafield><datafield ind1=" " ind2=" " tag="080"><subfield code="a">533.9(061.3)</subfield></datafield><datafield ind1="1" ind2=" " tag="110"><subfield code="a">Institut Universitaire de Technoloqie, Nice</subfield></datafield><datafield ind1="1" ind2="0" tag="245"><subfield code="a">4-e colloque international sur les plasmas et pulverisation cathodique</subfield><subfield code="b">Cip 82 institut universitaire de technologie nice, 13 au 17 septembre 1982</subfield></datafield><datafield ind1=" " ind2=" " tag="260"><subfield code="a">Paris, Societe Francaise Du Vide, 1982</subfield></datafield><datafield ind1=" " ind2=" " tag="300"><subfield code="a">409P</subfield></datafield><datafield ind1=" " ind2=" " tag="852"><subfield code="a">72829</subfield><subfield code="c">533.9</subfield></datafield><datafield ind1=" " ind2=" " tag="CAT"><subfield code="a">Sys</subfield><subfield code="c">20101001</subfield><subfield code="h">151049</subfield></datafield></record></collection>